<?xml version="1.0" encoding="UTF-8"?><collection xmlns="http://www.loc.gov/MARC21/slim"><record><leader>00353nam--2200109-i-4500</leader><controlfield tag="001">000028696</controlfield><controlfield tag="002">20161230</controlfield><controlfield tag="005">20161230201037</controlfield><controlfield tag="008">060222s1000------------r-----000-0-eng-d</controlfield><datafield ind1=" " ind2=" " tag="245"><subfield code="a">Les houches, ecole d`ete de physique theorique, session: xv 1965: physique des hautes energies. high energy physics</subfield></datafield><datafield ind1=" " ind2=" " tag="260"><subfield code="a">New York, Gordon And Breach, 1964</subfield></datafield><datafield ind1=" " ind2=" " tag="852"><subfield code="a">24812</subfield></datafield></record></collection>